<?xml version="1.0" encoding="UTF-8"?><collection xmlns="http://www.loc.gov/MARC21/slim"><record><leader>00439nam--2200157-i-4500</leader><controlfield tag="001">000001188</controlfield><controlfield tag="002">20161230</controlfield><controlfield tag="005">20170107161103</controlfield><controlfield tag="008">060222s1000------------r-----000-0-eng-d</controlfield><datafield ind1=" " ind2=" " tag="100"><subfield code="a">Gomb©Łs, P©Łl</subfield></datafield><datafield ind1=" " ind2=" " tag="245"><subfield code="a">Theorie und losungsmethoden des mehrteilchenproblems der wellenmechanik</subfield></datafield><datafield ind1=" " ind2=" " tag="260"><subfield code="a">Basel</subfield><subfield code="b">Verlag Birkhauser</subfield><subfield code="c">1950</subfield></datafield><datafield ind1=" " ind2=" " tag="300"><subfield code="a">268 p</subfield></datafield><datafield ind1=" " ind2=" " tag="490"><subfield code="a">Physikalische Reihe, Bd.11</subfield></datafield><datafield ind1=" " ind2=" " tag="852"><subfield code="a">21283</subfield></datafield><datafield ind1=" " ind2=" " tag="CAT"><subfield code="a">SYS</subfield><subfield code="c">20170107</subfield><subfield code="h">161103</subfield></datafield></record></collection>